
@article{gori,
	author = {M. Gori  and G. Monfardini and F. Scarselli},
	title = "A new model for learning in graph domains.",
	journal= "In Proceedings. 2005 IEEE International Joint Conference on Neural Networks", 
	volume = "2",
	pages = "729--734",
	publisher = "IEEE"
	year = "2005"
}

@article{scarcelli,
    author = {Franco Scarselli and Marco Gori and  Ah Chung Tsoi and Markus Hagenbuchner  and Gabriele Monfardini.},
    title = "{The Graph Neural Network Model}",
    journal = "IEEE Transactions on Neural Networks",
    year = "2009",
    volume = "20",
    number = "1",
    pages = "61--80",
    DOI = "\url{https://ieeexplore-ieee-org.recursos.biblioteca.upc.edu/abstract/document/4700287}",
}

@article{ggnn,
    author = {Yujia Li and Daniel Tarlow and Marc Brockschmidt and Richard Zemel},
    title = {Gated graph sequence neural networks},
    journal = "International Conference on Learning Representations (ICLR)",
    year = "2016",
}

@article{gcn,
    author = {Thomas N. Kipf and Max Welling},
    title = {Semi-supervised classification with Graph Convolutional Networks},
    journal = "Proceedings of the International Conference on Learning Representations",
    year = "2017",
}


@article{defferrard,
    author = {Michaël Defferrard and Xavier Bresson and Pierre Vandergheynst},
    title = {Convolutional Neural Networks on Graphs with Fast Localized Spectral Filtering},
    journal = "	Advances in Neural Information Processing Systems 29",
    year = "2016",
}


@article{graphsage,
    author = {W. Hamilton and R. Ying and J. Leskovec},
    title = {Inductive representation learning on large graphs},
    journal = "Advances in Neural Information Processing Systems",
    pages = "1024--1034",
    year = "2017",
}



@article{hamilton,
    author = {W. Hamilton and R. Ying and J. Leskovec},
    title = {Representation Learning on Graphs: Methods and Applications},
    journal = "Advances in Neural Information Processing Systems",
    year = "2017",
}


@article{wu,
    author = {Zonghan Wu and Shirui Pan Fengwen Chen and Guodong Long and Chengqi Zhang and Philip S. Yu},
    title = {A comprehensive Survey on Graph Neural Networks},
    journal = "arXiv:1901.00596",
    archivePrefix = {arXiv},
   	eprint = {1901.00596},
    year = "2019",
}


@article{pitfalls,
    author = {Oleksandr Shchur and  Maximilian Mumme and Aleksandar Bojchevski and Stephan Günnemann},
    title = {Pitfalls of Graph Neural Network Evaluation},
    journal = "arXiv:1811.05868",
    archivePrefix = {arXiv},
    eprint = {1811.05868},
    year = "2019",
}


@article{powerful,
    author = {Keyulu Xu and Weihua Hu and Jure Leskovec and Stefanie Jegelka},
    title = {How Powerful are Graph Neural Networks?},
    journal = "arXiv:1810.00826",
    archivePrefix = {arXiv},
   	eprint = {1810.00826},
    year = "2019",
}

@article{bruna,
    author = {J. Bruna and W. Zaremba and A. Szlam and Y. LeCun},
    title = {Spectral net-
works and locally connected networks on graphs},
    journal = "Proceedings
of International Conference on Learning Representations",
    year = "2014",
}

@article{geometricdl,
    author = {F. Monti and  D. Boscaini and J. Masci and E. Rodola and J. Svoboda and M. M. Bronstein},
    title = {Geometric deep learning on graphs and manifolds
using mixture model cnns},
    journal = "Proceedings of the IEEE Conference
on Computer Vision and Pattern Recognition",
	volume = "1",
	number = "2",
	pages = "3",
    year = "2017",
}



@article{38,
    author = {X. Shen and S. Pan and W. Liu and Y.-S. Ong and Q.-S. Sun},
    title = {Discrete network embedding},
    journal = "Proceedings of the International Joint Conference on Artificial Intelligence",
	volume = "7",
	pages = "3549–3555",
    year = "2018",
}


@article{40,
    author = {B. Perozzi and R. Al-Rfou  and S. Skiena, },
    title = {Deepwalk: Online learning of social representations,},
    journal = "Proceedings of the ACM SIGKDD
international conference on Knowledge discovery and data mining.",
	pages = "701--710",
    year = "2014",
}
